@inproceedings{soto2015policies,
  title={Policies composition based on data usage context},
  author={Soto-Mendoza, Valeria and Serrano-Alvarado, Patricia and Desmontils, Emmanuel and Garcia-Macias, Jose Antonio},
  booktitle={Sixth International Workshop on Consuming Linked Data (COLD2015) at ISWC},
  year={2015}
}